@book{febvre1997coming,
  title={The coming of the book: the impact of printing 1450-1800},
  author={Febvre, Lucien and Martin, Henri-Jean},
  volume={10},
  year={1997},
  publisher={Verso}
}

@book{willinsky2006access,
  title={The access principle: The case for open access to research and scholarship},
  author={Willinsky, John},
  year={2006},
  publisher={Cambridge, Mass.: MIT Press}
}

@book{meadows1997communicating,
  title={Communicating research},
  author={Meadows, Arthur Jack},
  year={1997},
  publisher={Emerald Group Publishing Limited}
}

@book{swan2012policy,
  title={Policy guidelines for the development and promotion of open access},
  author={Swan, Alma},
  year={2012},
  publisher={UNESCO}
}

@book{swan2015blockchain,
  title={Blockchain: Blueprint for a new economy},
  author={Swan, Melanie},
  year={2015},
  publisher={" O'Reilly Media, Inc."}
}

@book{mougayar2016business,
  title={The business blockchain: promise, practice, and application of the next Internet technology},
  author={Mougayar, William},
  year={2016},
  publisher={John Wiley \& Sons}
}

@article{nakamoto2008bitcoin,
  title={Bitcoin: A peer-to-peer electronic cash system},
  author={Nakamoto, Satoshi},
  journal={Available at SSRN 3440802},
  year={2008}
}

@article{buterin2014next,
  title={A next-generation smart contract and decentralized application platform},
  author={Buterin, Vitalik and others},
  journal={white paper},
  volume={3},
  number={37},
  pages={2--1},
  year={2014}
}

@article{radziwill2018blockchain,
  title={Blockchain revolution: How the technology behind Bitcoin is changing money, business, and the world},
  author={Radziwill, Nicole},
  journal={The Quality Management Journal},
  volume={25},
  number={1},
  pages={64--65},
  year={2018},
  publisher={Taylor \& Francis Ltd.}
}

@article{wang2019decentralized,
  title={Decentralized autonomous organizations: Concept, model, and applications},
  author={Wang, Shuai and Ding, Wenwen and Li, Juanjuan and Yuan, Yong and Ouyang, Liwei and Wang, Fei-Yue},
  journal={IEEE Transactions on Computational Social Systems},
  volume={6},
  number={5},
  pages={870--878},
  year={2019},
  publisher={IEEE}
}

@article{praitheeshan2019security,
  title={Security analysis methods on ethereum smart contract vulnerabilities: a survey},
  author={Praitheeshan, Purathani and Pan, Lei and Yu, Jiangshan and Liu, Joseph and Doss, Robin},
  journal={arXiv preprint arXiv:1908.08605},
  year={2019}
}